
@misc{habib_strong_nodate,
	title = {Strong {Induction} {\textbar} {Brilliant} {Math} \& {Science} {Wiki}},
	url = {https://brilliant.org/wiki/strong-induction/},
	language = {en-us},
	urldate = {2018-11-17},
	author = {Habib, Mursalin and Bourg, Patrick and Wang, George},
	file = {Snapshot:/home/jhosoume/Zotero/storage/LLHVSJAY/strong-induction.html:text/html}
}

@misc{ritambhara_radix_nodate,
	title = {Radix {Sort}},
	url = {http://www.ritambhara.in/radix-sort/},
	abstract = {Consider an array that stores account numbers of all employees. One unique thing about account numbers is that they have equal number of digits. Let us take example where, account numbers are three digits long, and array has 6 account numbers are shown below int arr = \{582, 675, 591, 189, 900, 770\}},
	language = {en-US},
	urldate = {2018-11-17},
	journal = {Ritambhara Technologies - Coding Interview Preparations},
	author = {Ritambhara},
	file = {Snapshot:/home/jhosoume/Zotero/storage/BTIEILUR/radix-sort.html:text/html}
}

@misc{capka_ict.social_nodate,
	title = {ict.social - {IT} social network and material base for {C}\#, {Java}, {PHP}, {HTML}, {CSS}, {JavaScript} and more.},
	url = {https://www.ict.social/},
	abstract = {IT social network with online courses for C\# .NET, PHP, Java, ASP.NET, JavaScript, C language, C++, Python and others. Learn IT online!},
	language = {en},
	urldate = {2018-11-18},
	author = {Capka, David},
	file = {Snapshot:/home/jhosoume/Zotero/storage/6NSSLJRL/www.ict.social.html:text/html}
}